@book{rosenthal2006first,
  title={First Look At Rigorous Probability Theory, A},
  author={Rosenthal, Jeffrey S},
  year={2006},
  publisher={World Scientific Publishing Company}
}

@book{robert2004monte,
  title={Monte Carlo statistical methods},
  author={Robert, Christian P and Casella, George and Casella, George},
  volume={2},
  year={2004},
  publisher={Springer}
}

@book{solomon1978geometric,
  title={Geometric probability},
  author={Solomon, Herbert},
  year={1978},
  publisher={SIAM}
}

@article{Efron1986,
title={Bootstrap methods for standard errors, confidence intervals, and other measures of statistical accuracy},
author={Efron, Bradley and Tibshirani, Robert},
journal={Statistical science},
pages={54--75},
year={1986},
publisher={JSTOR}
}

@article{Beaumont2002,
title={Approximate {B}ayesian computation in population genetics},
author={Beaumont, Mark A and Zhang, Wenyang and Balding, David J},
journal={Genetics},
volume={162},
number={4},
pages={2025--2035},
year={2002},
publisher={Genetics Soc America}
}
@article{Plummer2006,
  title = {CODA: Convergence Diagnosis and Output Analysis for MCMC},
  author = {Martyn Plummer and Nicky Best and Kate Cowles and Karen Vines},
  journal = {R News},
  year = {2006},
  volume = {6},
  number = {1},
  pages = {7--11},
  url = {https://journal.r-project.org/archive/},
  pdf = {https://www.r-project.org/doc/Rnews/Rnews_2006-1.pdf},
}
@article{Tan2009,
title={Block {G}ibbs sampling for {B}ayesian random effects models with improper priors: {C}onvergence and regeneration},
author={Tan, Aixin and Hobert, James P},
journal={Journal of Computational and Graphical Statistics},
volume={18},
number={4},
pages={861--878},
year={2009},
publisher={Taylor \& Francis}
}
@article{Neal2011,
title={ {MCMC} using {H}amiltonian dynamics},
author={Neal, Radford M and others},
journal={Handbook of {M}arkov chain {M}onte {C}arlo},
volume={2},
number={11},
pages={2},
year={2011}
}
@article{Robert2011,
title={Why approximate {B}ayesian computational ({ABC}) methods cannot handle model choice problems},
author={Robert, Christian and Marin, Jean-Michel and Pillai, Natesh S},
journal={arXiv preprint arXiv:1101.5091},
year={2011}
}
@book{Schervish2012,
title={Theory of Statistics},
author={Schervish, Mark J},
year={2012},
publisher={Springer Science \& Business Media}
}
@article{Beaumont2019,
title={Approximate {B}ayesian computation},
author={Beaumont, Mark A},
journal={Annual review of statistics and its application},
volume={6},
pages={379--403},
year={2019},
publisher={Annual Reviews}
}

@article{Beaumont2002,
  title={Approximate {B}ayesian computation in population genetics},
  author={Beaumont, Mark A and Zhang, Wenyang and Balding, David J},
  journal={Genetics},
  volume={162},
  number={4},
  pages={2025--2035},
  year={2002},
  publisher={Genetics Soc America}
}
@article{Plummer2006,
    title = {CODA: Convergence Diagnosis and Output Analysis for MCMC},
    author = {Martyn Plummer and Nicky Best and Kate Cowles and Karen Vines},
    journal = {R News},
    year = {2006},
    volume = {6},
    number = {1},
    pages = {7--11},
    url = {https://journal.r-project.org/archive/},
    pdf = {https://www.r-project.org/doc/Rnews/Rnews_2006-1.pdf},
}
@article{Tan2009,
  title={Block {G}ibbs sampling for {B}ayesian random effects models with improper priors: {C}onvergence and regeneration},
  author={Tan, Aixin and Hobert, James P},
  journal={Journal of Computational and Graphical Statistics},
  volume={18},
  number={4},
  pages={861--878},
  year={2009},
  publisher={Taylor \& Francis}
}
@article{Neal2011,
  title={ {MCMC} using {H}amiltonian dynamics},
  author={Neal, Radford M and others},
  journal={Handbook of {M}arkov chain {M}onte {C}arlo},
  volume={2},
  number={11},
  pages={2},
  year={2011}
}
@article{Robert2011,
  title={Why approximate {B}ayesian computational ({ABC}) methods cannot handle model choice problems},
  author={Robert, Christian and Marin, Jean-Michel and Pillai, Natesh S},
  journal={arXiv preprint arXiv:1101.5091},
  year={2011}
}

@article{Beaumont2019,
  title={Approximate {B}ayesian computation},
  author={Beaumont, Mark A},
  journal={Annual review of statistics and its application},
  volume={6},
  pages={379--403},
  year={2019},
  publisher={Annual Reviews}
}

@misc{efunda2021formula,
  author       = {Efunda engineering fundamentals},
  howpublished = {\url{https://www.efunda.com/math/areas/CircumscribePolygonGen.cfm}},
  title        = {Web Resources (Sponsored by Wolfram Research)},
  year         = {2021}
}

@article{rubin1981bayesian,
  title={The bayesian bootstrap},
  author={Rubin, Donald B},
  journal={The annals of statistics},
  pages={130--134},
  year={1981},
  publisher={JSTOR}
}

@article{lahiri1999theoretical,
  title={Theoretical comparisons of block bootstrap methods},
  author={Lahiri, Soumendra N},
  journal={Annals of Statistics},
  pages={386--404},
  year={1999},
  publisher={JSTOR}
}

@article{bickel1981some,
  title={Some asymptotic theory for the bootstrap},
  author={Bickel, Peter J and Freedman, David A},
  journal={The annals of statistics},
  pages={1196--1217},
  year={1981},
  publisher={JSTOR}
}